@misc{yolopaper,
      title={You Only Look Once: Unified, Real-Time Object Detection}, 
      author={Joseph Redmon and Santosh Divvala and Ross Girshick and Ali Farhadi},
      year={2016},
      eprint={1506.02640},
      archivePrefix={arXiv},
      primaryClass={cs.CV},
      url={https://arxiv.org/abs/1506.02640}, 
}

@misc{vggnetpaper,
      title={Very Deep Convolutional Networks for Large-Scale Image Recognition}, 
      author={Karen Simonyan and Andrew Zisserman},
      year={2015},
      eprint={1409.1556},
      archivePrefix={arXiv},
      primaryClass={cs.CV},
      url={https://arxiv.org/abs/1409.1556}, 
}
@INPROCEEDINGS{fastestdpm,
  author={Yan, Junjie and Lei, Zhen and Wen, Longyin and Li, Stan Z.},
  booktitle={2014 IEEE Conference on Computer Vision and Pattern Recognition}, 
  title={The Fastest Deformable Part Model for Object Detection}, 
  year={2014},
  volume={},
  number={},
  pages={2497-2504},
  keywords={Correlation;Acceleration;Table lookup;Feature extraction;Training;Deformable models;Accuracy;object detection;face detection;deformable part model},
  doi={10.1109/CVPR.2014.320}}

@Article{pascalvoc,
   author = "Everingham, M. and Van~Gool, L. and Williams, C. K. I. and Winn, J. and Zisserman, A.",
   title = "The Pascal Visual Object Classes (VOC) Challenge",
   journal = "International Journal of Computer Vision",
   volume = "88",
   year = "2010",
   number = "2",
   month = jun,
   pages = "303--338",
}
@misc{dpm,
      title={Deformable Part Models are Convolutional Neural Networks}, 
      author={Ross Girshick and Forrest Iandola and Trevor Darrell and Jitendra Malik},
      year={2014},
      eprint={1409.5403},
      archivePrefix={arXiv},
      primaryClass={cs.CV},
      url={https://arxiv.org/abs/1409.5403}, 
}

@misc{fastrcnn,
      title={Fast R-CNN}, 
      author={Ross Girshick},
      year={2015},
      eprint={1504.08083},
      archivePrefix={arXiv},
      primaryClass={cs.CV},
      url={https://arxiv.org/abs/1504.08083}, 
}