@article{selsearch,
author = {Uijlings, Jasper and Sande, K. and Gevers, T. and Smeulders, A.W.M.},
year = {2013},
month = {09},
pages = {154-171},
title = {Selective Search for Object Recognition},
volume = {104},
journal = {International Journal of Computer Vision},
doi = {10.1007/s11263-013-0620-5}
}
@inproceedings{edgebox,
author = {Zitnick, Charles and Dollar, Piotr},
year = {2014},
month = {09},
pages = {},
title = {Edge Boxes : Locating Object Proposals from Edges},
volume = {8693},
isbn = {978-3-319-10601-4},
doi = {10.1007/978-3-319-10602-1_26}
}
@misc{fasterrcnn,
      title={Faster R-CNN: Towards Real-Time Object Detection with Region Proposal Networks}, 
      author={Shaoqing Ren and Kaiming He and Ross Girshick and Jian Sun},
      year={2016},
      eprint={1506.01497},
      archivePrefix={arXiv},
      primaryClass={cs.CV},
      url={https://arxiv.org/abs/1506.01497}, 
}
@misc{fastrcnn,
      title={Fast R-CNN}, 
      author={Ross Girshick},
      year={2015},
      eprint={1504.08083},
      archivePrefix={arXiv},
      primaryClass={cs.CV},
      url={https://arxiv.org/abs/1504.08083}, 
}