@misc{clip,
      title={Learning Transferable Visual Models From Natural Language Supervision}, 
      author={Alec Radford and Jong Wook Kim and Chris Hallacy and Aditya Ramesh and Gabriel Goh and Sandhini Agarwal and Girish Sastry and Amanda Askell and Pamela Mishkin and Jack Clark and Gretchen Krueger and Ilya Sutskever},
      year={2021},
      eprint={2103.00020},
      archivePrefix={arXiv},
      primaryClass={cs.CV},
      url={https://arxiv.org/abs/2103.00020}, 
}
@misc{linearmapping,
      title={Linearly Mapping from Image to Text Space}, 
      author={Jack Merullo and Louis Castricato and Carsten Eickhoff and Ellie Pavlick},
      year={2023},
      eprint={2209.15162},
      archivePrefix={arXiv},
      primaryClass={cs.CL},
      url={https://arxiv.org/abs/2209.15162}, 
}
@misc{nfrn,
      title={High-Performance Large-Scale Image Recognition Without Normalization}, 
      author={Andrew Brock and Soham De and Samuel L. Smith and Karen Simonyan},
      year={2021},
      eprint={2102.06171},
      archivePrefix={arXiv},
      primaryClass={cs.CV},
      url={https://arxiv.org/abs/2102.06171}, 
}
@misc{beit,
      title={BEiT: BERT Pre-Training of Image Transformers}, 
      author={Hangbo Bao and Li Dong and Songhao Piao and Furu Wei},
      year={2022},
      eprint={2106.08254},
      archivePrefix={arXiv},
      primaryClass={cs.CV},
      url={https://arxiv.org/abs/2106.08254}, 
}