@article{gradcam,
   title={Grad-CAM: Visual Explanations from Deep Networks via Gradient-Based Localization},
   volume={128},
   ISSN={1573-1405},
   url={http://dx.doi.org/10.1007/s11263-019-01228-7},
   DOI={10.1007/s11263-019-01228-7},
   number={2},
   journal={International Journal of Computer Vision},
   publisher={Springer Science and Business Media LLC},
   author={Selvaraju, Ramprasaath R. and Cogswell, Michael and Das, Abhishek and Vedantam, Ramakrishna and Parikh, Devi and Batra, Dhruv},
   year={2019},
   month=oct, pages={336â€“359} }

@misc{cam,
      title={Learning Deep Features for Discriminative Localization}, 
      author={Bolei Zhou and Aditya Khosla and Agata Lapedriza and Aude Oliva and Antonio Torralba},
      year={2015},
      eprint={1512.04150},
      archivePrefix={arXiv},
      primaryClass={cs.CV},
      url={https://arxiv.org/abs/1512.04150}, 
}
@misc{guidedbackprop,
      title={Striving for Simplicity: The All Convolutional Net}, 
      author={Jost Tobias Springenberg and Alexey Dosovitskiy and Thomas Brox and Martin Riedmiller},
      year={2015},
      eprint={1412.6806},
      archivePrefix={arXiv},
      primaryClass={cs.LG},
      url={https://arxiv.org/abs/1412.6806}, 
}